@CONTROL{REVTEX42Control}
@CONTROL{apsrev42Control,author="08",editor="1",pages="0",title="0",year="1"}
@PREAMBLE{
	"\providecommand{\noopsort}[1]{}" 
	# "\providecommand{\singleletter}[1]{#1}%" 
}
@book{doi:10.1142/7184,
	author = {Haug, Hartmut and Koch, Stephan W},
	title = {Quantum Theory of the Optical and Electronic Properties of Semiconductors},
	publisher = {WORLD SCIENTIFIC},
	year = {2009},
	doi = {10.1142/7184},
	address = {},
	edition   = {5th},
	URL = {https://www.worldscientific.com/doi/abs/10.1142/7184},
	eprint = {https://www.worldscientific.com/doi/pdf/10.1142/7184}
}
@book{simon2013oxford,
	title={The Oxford Solid State Basics},
	author={Simon, S.H.},
	isbn={9780199680764},
	lccn={2013936358},
	url={https://books.google.com.vn/books?id=QI8jLeTOBAsC},
	year={2013},
	publisher={OUP Oxford}
}
@article{PhysRevLett.108.196802,
	title = {Coupled Spin and Valley Physics in Monolayers of ${\mathrm{MoS}}_{2}$ and Other Group-VI Dichalcogenides},
	author = {Xiao, Di and Liu, Gui-Bin and Feng, Wanxiang and Xu, Xiaodong and Yao, Wang},
	journal = {Phys. Rev. Lett.},
	volume = {108},
	issue = {19},
	pages = {196802},
	numpages = {5},
	year = {2012},
	month = {May},
	publisher = {American Physical Society},
	doi = {10.1103/PhysRevLett.108.196802},
	url = {https://link.aps.org/doi/10.1103/PhysRevLett.108.196802}
}

