@book{doi:10.1142/7184,
author = {Haug, Hartmut and Koch, Stephan W},
title = {Quantum Theory of the Optical and Electronic Properties of Semiconductors},
publisher = {WORLD SCIENTIFIC},
year = {2009},
doi = {10.1142/7184},
address = {},
edition   = {5th},
URL = {https://www.worldscientific.com/doi/abs/10.1142/7184},
eprint = {https://www.worldscientific.com/doi/pdf/10.1142/7184}
}
