@PREAMBLE{
 "\providecommand{\noopsort}[1]{}" 
 # "\providecommand{\singleletter}[1]{#1}%" 
}

@book{doi:10.1142/7184,
	author = {Haug, Hartmut and Koch, Stephan W},
	title = {Quantum Theory of the Optical and Electronic Properties of Semiconductors},
	publisher = {WORLD SCIENTIFIC},
	year = {2009},
	doi = {10.1142/7184},
	address = {},
	edition   = {5th},
	URL = {https://www.worldscientific.com/doi/abs/10.1142/7184},
	eprint = {https://www.worldscientific.com/doi/pdf/10.1142/7184}
}
@article{PhysRevB.103.085201,
	title = {Microscopic analysis of high harmonic generation in semiconductors with degenerate bands},
	author = {Thong, Le Huu and Ngo, Cong and Duc, Huynh Thanh and Song, Xiaohong and Meier, Torsten},
	journal = {Phys. Rev. B},
	volume = {103},
	issue = {8},
	pages = {085201},
	numpages = {7},
	year = {2021},
	month = {Feb},
	publisher = {American Physical Society},
	doi = {10.1103/PhysRevB.103.085201},
	url = {https://link.aps.org/doi/10.1103/PhysRevB.103.085201}
}
@book{sakurai2020modern,
	title={Modern quantum mechanics},
	author={Sakurai, Jun John and Napolitano, Jim},
	year={2020},
	publisher={Cambridge University Press}
}

